@TechReport{andersen2012kinect,
  Title                    = {{Kinect depth sensor evaluation for computer vision applications}},
  Author                   = {Andersen, Michael Riis and Jensen, Thomas and Lisouski, Pavel and Mortensen, Anders Krogh and Hansen, Mikkel Kragh and Gregersen, Torben and Ahrendt, Peter},
  Institution              = {{\AA}rhus Universitet},
  Year                     = {2012},

  Owner                    = {flo},
  Timestamp                = {2014.02.23}
}
