@string{IROS = "International Conference on Intelligent Robots and Systems"}
@string{ICRA = "International Conference on Robotics and Automation"}

@TechReport{andersen2012kinect,
  Title                    = {{Kinect depth sensor evaluation for computer vision applications}},
  Author                   = {Andersen, Michael Riis and Jensen, Thomas and Lisouski, Pavel and Mortensen, Anders Krogh and Hansen, Mikkel Kragh and Gregersen, Torben and Ahrendt, Peter},
  Institution              = {{\AA}rhus Universitet},
  Year                     = {2012},
  Timestamp                = {2014.02.23}
}

@ONLINE{Harris2013,
	author = {Harris, Mark},
	title = {{Using Shared Memory in CUDA C/C++}},
	month = may,
	year = {2014},
	url = {http://devblogs.nvidia.com/parallelforall/using-shared-memory-cuda-cc/},
	organization = {{NVIDIA Corporation}}
}

@ARTICLE{Schwarzer05adaptivedynamic,
    author = {Fabian Schwarzer and Mitul Saha and Jean-claude Latombe},
    title = {Adaptive dynamic collision checking for single and multiple articulated robots in complex environments},
    journal = {IEEE Tr. on Robotics},
    year = {2005},
    volume = {21},
    pages = {338--353}
}

@inproceedings{Daley2005,
author = {Daley, Patrick and Frank, Jeremy and Iatauro, Michael and McGann, Conor and Taylor, Will},
booktitle = {Proceedings of the First International Competition on Knowledge Engineering for AI Planning Monterey Califormia USA},
title = {{PlanWorks: A debugging environment for constraint based planning systems}},
year = {2005}
}

@inbook{Zacharias07,
 title={Capturing robot workspace structure: representing robot capabilities}, 
 number={7}, 
 booktitle={Intelligent Robots and Systems 2007 IROS 2007 IEEERSJ International Conference on}, 
 publisher={Ieee}, 
 author={Zacharias, F and Borst, C and Hirzinger, G}, 
 year={2007}, 
 pages={3229--3236}
}

