Automatically generated by Mendeley Desktop 1.11
Any changes to this file will be lost if it is regenerated by Mendeley.

BibTeX export options can be customized via Options -> BibTeX in Mendeley Desktop


@article{Barth2008,
author = {Barth, Alexander and Franke, Uwe},
doi = {10.1109/IVS.2008.4621210},
file = {:home/kuhnt-local/checkout/floh-bib/pr\"{a}diktion/Barth2008\_Prediction.pdf:pdf},
isbn = {978-1-4244-2568-6},
journal = {2008 IEEE Intelligent Vehicles Symposium},
month = jun,
pages = {1068--1073},
publisher = {Ieee},
title = {{Where will the oncoming vehicle be the next second?}},
url = {http://ieeexplore.ieee.org/lpdocs/epic03/wrapper.htm?arnumber=4621210},
year = {2008}
}

