%========================= 2022 =========================


%========================= 2021 =========================

@article{Bogdoll_Compressing_2021_NeurIPS,
    author    = {Bogdoll, Daniel and Jestram, Johannes and Rauch, Jonas and Scheib, Christin and Wittig, Moritz and Z\"{o}llner, J. Marius},
    title     = {{Compressing Sensor Data for Remote Assistance of Autonomous Vehicles using Deep Generative Models}},
    journal   = {NeurIPS Conference on Neural Information Processing Systems Workshop on Machine Learning for Autonomous Driving (ML4AD)},
    year      = {2021}
}

@InProceedings{Bogdoll_Description_2021_ICCV,
    author    = {Bogdoll, Daniel and Breitenstein, Jasmin and Heidecker, Florian and Bieshaar, Maarten and Sick, Bernhard and Fingscheidt, Tim and Z\"{o}llner, Marius},
    title     = {{Description of Corner Cases in Automated Driving: Goals and Challenges}},
    booktitle = {Proceedings of the IEEE/CVF International Conference on Computer Vision (ICCV) Workshops},
    pages     = {1023-1028},
    year      = {2021}
}

@article{Bogdoll_Taxonomy_2021_arXiv,
    author    = {Bogdoll, Daniel and Orf, Stefan and T\"{o}ttel, Lars and Z\"{o}llner, J. Marius},
    title     = {{Taxonomy and Survey on Remote Human Input Systems for Driving Automation Systems}}, 
    journal   = {arXiv preprint:2109.08599},
    year      = {2021}
}

@InProceedings{Bogdoll_KIGLIS_2021_ISC2,
    author    = {Bogdoll, Daniel and Matalla, Patrick and F\"{u}llner, Christoph and Raack, Christian and Li, Shi and K\"{a}fer, Tobias and Orf, Stefan and Zofka, Marc Ren\'{e} and Sartoris, Finn and Schweikert, Christoph and Pfeiffer, Thomas and Richter, Andr\'{e} and Randel, Sebastian and Bonk, Rene},
    title     = {{KIGLIS: Smart Networks for Smart Cities}},
    booktitle = {2021 IEEE International Smart Cities Conference (ISC2)},
    pages     = {1-4},
    year      = {2021}
}

@article{Toettel_Reliving_2021_arXiv,
    author    = {T\"{o}ttel, Lars and Zipfl, Maximilian and Bogdoll, Daniel and Zofka, Marc Ren\'{e} and Z\"{o}llner, J. Marius},    
    title     = {{Reliving the Dataset: Combining the Visualization of Road Users' Interactions with Scenario Reconstruction in Virtual Reality}}, 
    journal   = {arXiv preprint:2105.01610},
    year      = {2021}
}

%========================= 2018 =========================

@InProceedings{Koduri_Aureate_2018_WCX,
    author    = {Koduri, Tejaswi and Bogdoll, Daniel and Paudel, Shreyasha and Sholingar, Gautham},
    title     = {{AUREATE: An Augmented Reality Test Environment for Realistic Simulations}},
    booktitle = {WCX World Congress Experience},
    publisher = {SAE International},
    year      = {2018}
}
