@inproceedings{xue2010,
  title={Autonomous Grasp and Manipulation Planning using a ToF Camera},
  author={Zhixing Xue and Steffen W. Ruehl and Andreas Hermann and Thilo Kerscher and Ruediger Dillmann},
  booktitle={IROS},
  year={2010},
  month={October},
  address={Shanghai, China}
}

@inproceedings{ruehl2011-icra,
  title = {Graspability: A Description of Work Surfaces For Planning of Robot Manipulation Sequences},
  author ={Ruehl, Steffen W. and Hermann, Andreas and Xue, Zhixing and Kerscher, Thilo and Dillmann, Ruediger},
  booktitle={ICRA},
  year={2011},
  month={May},
  address={Shanghai, China}
}

@inproceedings{ruehl2011-multibody,
  title = {Generating a Symbolic Scene Description for Robot Manipulation Using Physics Simulation},
  author ={Ruehl, Steffen W. and Hermann, Andreas and Xue, Zhixing and Kerscher, Thilo and Dillmann, Ruediger},
  booktitle={Multibody Dynamics},
  year={2011},
  month={July},
  address={Brussels, Belgium}
}

@INPROCEEDINGS{Hermann2011_ROBIO,
author={Hermann, A. and Zhixing Xue and Ruehl, S.W. and Dillmann, R.},
booktitle={Robotics and Biomimetics (ROBIO), 2011 IEEE International Conference on},
title={Hardware and software architecture of a bimanual mobile manipulator for industrial application},
year={2011},
month={dec.},
volume={},
number={},
pages={2282 -2288},
keywords={adaptive industrial production systems;bimanual mobile manipulator;hardware architecture;industrial application;multilevel planning framework;planing paradigms;software architecture;software packages;adaptive systems;control engineering computing;industrial manipulators;mobile robots;path planning;production engineering computing;software architecture;},
doi={10.1109/ROBIO.2011.6181638},
ISSN={},}

@INPROCEEDINGS{Xue2011_ICRA,
	author={Z. Xue and S. Ruehl and A. Hermann and T. Kerscher and R. Dillmann},
	booktitle={Robotics and Automation (ICRA), 2011 IEEE International Conference on},
	title={An autonomous ice-cream serving robot},
	year={2011},
	pages={3451-3452},
	keywords={cameras;dexterous manipulators;grippers;robot vision;service robots;stability;Automatica 2010 trade fair;DLR-HIT robotic hands;KUKA light-weighted robotic arms;Munich;autonomous ice-cream serving robot;cream-like mass manipulation;fetch-and-carry chores;fragile objects;impedance control;stable grasping;time-of-flight camera;Grasping;Ice;Impedance;Joints;Planning;Robot sensing systems;grasp planning;manipulation planning;time-of-flight sensors},
	doi={10.1109/ICRA.2011.5980335},
	ISSN={1050-4729},
	month={May},
}

@InProceedings{Oberlaender2011_CLAWAR,
	Title                    = {A Student-built Ball-throwing Robotic Companion for Hands-on Robotics Education},
	Author                   = {Jan Oberländer and Tanja Harbaum and Gerhard Kurz and Nadia Ahmed and Tomislav Kos-Grabar and Andreas Hermann and Arne Rönnau and Rüdiger Dillmann},
	Booktitle                = {Proceedings of the 14th International Conference on Climbing and Walking Robots and the Support Technologies for Mobile Machines (CLAWAR)},
	Year                     = {2011},
	Address                  = {Paris, France},
	Month                    = sep,
	Pages                    = {233--240},
	Doi                      = {10.1142/9789814374286_0027},
}

@article{Xue2012_RAS,
title = "Autonomous grasp and manipulation planning using a ToF camera ",
journal = "Robotics and Autonomous Systems ",
volume = "60",
number = "3",
pages = "387 - 395",
year = "2012",
note = "Autonomous Grasping ",
issn = "0921-8890",
doi = "http://dx.doi.org/10.1016/j.robot.2011.07.012",
url = "http://www.sciencedirect.com/science/article/pii/S0921889011001448",
author = "Zhixing Xue and Steffen W. Ruehl and Andreas Hermann and Thilo Kerscher and Ruediger Dillmann",
keywords = "Manipulation planning",
keywords = "Grasp planning",
keywords = "Time-of-flight sensors",
keywords = "Impedance control "
}


@INPROCEEDINGS{Hermann2013_AIM,
author={Hermann, A. and Sun, J. and Zhixing, Xue and Ruehl, S.W. and Oberlaender, J. and Roennau, A. and Zoellner, J.M. and Dillmann, R.},
booktitle={Advanced Intelligent Mechatronics (AIM), 2013 IEEE/ASME International Conference on},
title={{Hardware and Software Architecture of the Bimanual Mobile
Manipulation Robot HoLLiE and its Actuated Upper Body}},
year={2013},
month={jul.},
volume={},
number={},
pages={286 -292},}

@inproceedings{Hermann2013_ICAR,
author = {Hermann, Andreas and Klemm, Sebastian and Xue, Zhixing and Roennau, Arne and Dillmann, Ruediger},
booktitle = {16th International Conference on Advanced Robotics, ICAR 2013},
file = {:home/hermann/Dokumente/papers/ICAR\_2013\_collision\_detection (copy of IROS)/hermann13\_GPU\_collision\_checking\_ICAR\_eXpress\_checked.pdf:pdf},
title = {{GPU-based Real-Time Collision Detection for Motion Execution in Mobile Manipulation Planning}},
year = {2013},
isbn = {9781479927227},
}

@inproceedings{Herbst2013_HCI,
	author = {Hermann, Andreas and Klemm, Sebastian and Xue, Zhixing and Roennau, Arne and Dillmann, Ruediger},
	booktitle = {Human-Computer Interaction (HCI 2013), 15th International Conference on},
	title = {{Ergonomic Rating of Interaction Technologies for A Mobile Robot System}},
	year = {2013},
	month={jul.},
}

@inproceedings{Herbst2013_IFAC,
	author    = {Uwe Herbst and	Steffen W. R{\"{u}}hl and Andreas Hermann and Zhixing Xue and Klaus Bengler},
	title     = {Ergonomic 6D Interaction Technologies for a Flexible and Transportable
	Robot System: {A} Comparison},
	booktitle = {12th {IFAC/IFIP/IFORS/IEA} Symposium on Analysis, Design, and Evaluation
	of Human-Machine Systems, {IFAC} {HMS} 2013},
	pages     = {58--63},
	year      = {2013},
	doi       = {10.3182/20130811-5-US-2037.00024},
}

@INPROCEEDINGS{Hermann2014_ISR,
AUTHOR={Andreas Hermann and J{\"o}rg Bauer and Sebastian Klemm and Ruediger
Dillmann},
TITLE="Mobile Manipulation Planning Optimized for {GPGPU} {Voxel-Collision}
Detection in High Resolution Live 3D-maps",
BOOKTITLE="Conference ISR ROBOTIK 2014",
ADDRESS="Munich, Germany",
DAYS=2,
MONTH=jun,
YEAR=2014,
}

@INPROCEEDINGS{Hermann2014_IROS,
	author={Hermann, Andreas and Drews, Florian and Bauer, Joerg and Klemm, Sebastian and Roennau, Arne and Dillmann, Ruediger},
	booktitle={Intelligent Robots and Systems (IROS 2014), 2014 IEEE/RSJ International Conference on},
	title={{Unified GPU voxel collision detection for mobile manipulation planning}},
	year={2014},
	month={Sept},
	pages={4154-4160},
	keywords={collision avoidance;computer graphics;control engineering computing;graphics processing units;manipulators;mobile robots;motion control;parallel architectures;GPU architectures;data structures;dynamic obstacles;full body planning;global a-priori planning;graphics processing unit;live pointcloud data;local dynamic planning;mobile manipulation planning;mobile platform planning;motion trajectories;planning scenarios;replanning;robotic applications;storage structures;unified GPU voxel collision detection;Collision avoidance;Graphics processing units;Octrees;Planning;Robot kinematics;Throughput},
	doi={10.1109/IROS.2014.6943148},
}

@INPROCEEDINGS{Ruehl2014,
	author={S. W. Ruehl and C. Parlitz and G. Heppner and A. Hermann and A. Roennau and R. Dillmann},
	booktitle={Robotics and Biomimetics (ROBIO), 2014 IEEE International Conference on},
	title={{Experimental evaluation of the schunk 5-Finger gripping hand for grasping tasks}},
	year={2014},
	pages={2465-2470},
	keywords={dexterous manipulators;grippers;mechatronics;service robots;Cutkosky grasp taxonomy;Schunk 5-finger gripping hand;experimental evaluation;grasping tasks;household object grasping;mechatronic gripper design;object manipulation;robotic hand;service robot;Grasping;Grippers;Joints;Kinematics;Service robots;Thumb},
	doi={10.1109/ROBIO.2014.7090710},
	month={Dec},
}

@INPROCEEDINGS{Hermann2015_ECMR,
	author={Hermann, Andreas and Mauch, Felix and Fischnaller, Klaus and Klemm, Sebastian and Roennau, Arne and Dillmann, Ruediger},
	booktitle={Mobile Robots (ECMR), 2015 European Conference on},
	title={{Anticipate your surroundings: Predictive collision detection between dynamic obstacles and planned robot trajectories on the GPU}},
	year={2015},
	pages={1-8},
	keywords={collision avoidance;graphics processing units;human-robot interaction;image colour analysis;mobile robots;parallel algorithms;robot vision;trajectory control;GPU;RGB-D flow algorithms;collision-prone situation avoidance;dynamic obstacles;live pointclouds;motion prediction;motion primitive planning;moving object prediction;parallel GPU algorithms;planned robot trajectories;predictive collision detection;proactive collision detection;shared human-robot-workspaces;voxel swept-volume-based collision detection;Collision avoidance;Graphics processing units;Planning;Robot sensing systems;Three-dimensional displays;Trajectory},
	doi={10.1109/ECMR.2015.7324047},
	month={Sept},
}

@INPROCEEDINGS{Pfotzer2015_ECMR,
	author={L. Pfotzer and M. Staehler and A. Hermann and A. Roennau and R. Dillmann},
	booktitle={Mobile Robots (ECMR), 2015 European Conference on},
	title={KAIRO 3: Moving over stairs amp; unknown obstacles with reconfigurable snake-like robots},
	year={2015},
	pages={1-6},
	keywords={collision avoidance;mobile robots;robot kinematics;KAIRO 3;complex motions;distance criteria;energy criteria;follow-the-leader control approach;large-steps;optimization criteria;planning approach;planning time;reconfigurable snake-like robots;robot configuration;robot modules;stair-obstacles;time criteria;unknown obstacles;Joints;Mobile robots;Navigation;Planning;Rails;Trajectory},
	doi={10.1109/ECMR.2015.7324209},
	month={Sept},
}

@INPROCEEDINGS{Klemm2015_ROBIO,
	author={S. Klemm and J. Oberländer and A. Hermann and A. Roennau and T. Schamm and J. M. Zollner and R. Dillmann},
	booktitle={2015 IEEE International Conference on Robotics and Biomimetics (ROBIO)},
	title={RRT Star-Connect: Faster, asymptotically optimal motion planning},
	year={2015},
	pages={1670-1677},
	keywords={legged locomotion;manipulators;path planning;service robots;trajectory control;CoCar autonomous vehicle;HoLLiE service robot;LAURON V multilegged walking robot;RRT* algorithm;RRT*-Connect algorithm;asymptotically-optimal randomized motion planning algorithm;bidirectional approach;bidirectional search;cost-efficient trajectory generation;mobile manipulation tasks;single-query path planning problems;Algorithm design and analysis;Joining processes;Legged locomotion;Planning;Probabilistic logic;Search problems},
	doi={10.1109/ROBIO.2015.7419012},
	month={Dec},
}

@INPROCEEDINGS{Hermann2016_Humanoids,
	author={Hermann, Andreas and Mauch, Felix and Klemm, Sebastian and Roennau, Arne and Dillmann, Ruediger},
	booktitle={Humanoid Robots, International Conference on},
	title={{Eye in hand: Towards GPU accelerated online grasp planning based on pointclouds from in-hand sensor}},
	year={2016},
	month={Nov},
}

@Inbook{Roth2016,
	author="Hermann, Andreas",
	title="Industrie 4.0 --Use Cases aus Forschung und Unternehmenspraxis: viEMA: Schwankenden Stückzahlen in Industrie 4.0 durch flexiblen Wechsel zwischen Hand- und Automatenmontage begegnen",
	bookTitle="Einf{\"u}hrung und Umsetzung von Industrie 4.0: Grundlagen, Vorgehensmodell und Use Cases aus der Praxis ",
	year="2016",
	publisher="Springer Berlin Heidelberg",
	address="Berlin, Heidelberg",
	pages="133--246",
	isbn="978-3-662-48505-7",
	doi="10.1007/978-3-662-48505-7_4",
	url="http://dx.doi.org/10.1007/978-3-662-48505-7_4"
}