@MastersThesis{mauch15,
    author  = {Mauch, Felix and Hermann, Andreas},
    title   = {{GPU-basierte Bewegungsprädiktion von Objekten in 3D-Punktwolken zur Kollisionsvermeidung}},
    type    = {Masterarbeit},
    school  = {KIT Karlsruher Institut für Technologie},
    address = {Karlsruhe, Germany},
    year    = {2015}
}

@MastersThesis{ruscheweyh13,
	author  = {Ruscheweyh, David and Hermann, Andreas},
	title   = {{Evaluierung von Algorithmen zur reaktiven Berechnung der inversen Kinematik für überaktuierte Roboter}},
	type    = {Masterarbeit},
	school  = {KIT Karlsruher Institut für Technologie},
	address = {Karlsruhe, Germany},
	year    = {2013}
}

@MastersThesis{juelg16,
	author  = {Jülg, Christian and Hermann, Andreas},
	title   = {{Fast online collision avoidance for mobile service robots through potential fields on 3D environment data processed on GPUs}},
	type    = {Diplomarbeit},
	school  = {KIT Karlsruher Institut für Technologie},
	address = {Karlsruhe, Germany},
	year    = {2016}
}

@MastersThesis{drews14,
	author  = {Drews, Florian and Hermann, Andreas},
	title   = {{GPU-optimierter Octree mit Algorithmen zur effizienten geometrischen Modellierung in der Robotik}},
	type    = {Masterarbeit},
	school  = {KIT Karlsruher Institut für Technologie},
	address = {Karlsruhe, Germany},
	year    = {2014}
}

@MastersThesis{pietrzyk16,
	author  = {Pietrzyk, Herbert and Hermann, Andreas},
	title   = {{Onlinefähige GPU-basierte Segmentierung und Klassifikation von Objekten in Punktwolkendaten aus urbanen Umgebungen}},
	type    = {Bachelorarbeit},
	school  = {KIT Karlsruher Institut für Technologie},
	address = {Karlsruhe, Germany},
	year    = {2016}
}

@MastersThesis{sun13,
	author  = {Sun, Jian and Hermann, Andreas},
	title   = {{Konstruktion und Aufbau eines Serviceroboters mit passivem Gewichtsausgleich durch eine	federgespannte Parallelogramm-Struktur}},
	type    = {Diplomarbeit},
	school  = {KIT Karlsruher Institut für Technologie},
	address = {Karlsruhe, Germany},
	year    = {2013}
}

@MastersThesis{bauer13,
	author  = {Bauer, Jörg and Hermann, Andreas},
	title   = {{Dynamic Mobile Manipulation Planning based on GPU Voxel-Swept-Volume Collision Detection}},
	type    = {Diplomarbeit},
	school  = {KIT Karlsruher Institut für Technologie},
	address = {Karlsruhe, Germany},
	year    = {2013}
}

@MastersThesis{fischnaller15,
	author  = {Fischnaller, Klaus and Hermann, Andreas},
	title   = {{GPU-basierte Evaluierung von Swept-Volumes zur Trajektorienplanung mit Bewegungsprimitiven}},
	type    = {Masterarbeit},
	school  = {KIT Karlsruher Institut für Technologie},
	address = {Karlsruhe, Germany},
	year    = {2015}
}

@MastersThesis{wagner14,
	author  = {Wagner, Matthias and Hermann, Andreas},
	title   = {{Echtzeit OpenGL-Visualisierung von umfangreichen CUDA-Datenstrukturen mittels Shared Memory}},
	type    = {Bachelorarbeit},
	school  = {KIT Karlsruher Institut für Technologie},
	address = {Karlsruhe, Germany},
	year    = {2014}
}

@MastersThesis{klemm10,
	author  = {Klemm, Sebastian and Hermann, Andreas},
	title   = {{Autonome Kamera- und Hand-Auge-Kalibrierung eines zweiarmigen Robotersystems}},
	type    = {Studienarbeit},
	school  = {KIT Karlsruher Institut für Technologie},
	address = {Karlsruhe, Germany},
	year    = {2010}
}

@MastersThesis{klemm13,
	author  = {Klemm, Sebastian and Hermann, Andreas},
	title   = {{GPU-basierte 3D-Kollisionserkennung zur Online-Evaluierung von Bewegungstrajektorien}},
	type    = {Diplomarbeit},
	school  = {KIT Karlsruher Institut für Technologie},
	address = {Karlsruhe, Germany},
	year    = {2013}
}

@MastersThesis{pollert14,
	author  = {Pollert, Tim and Hermann, Andreas},
	title   = {{Fehlerreduktion in KinFu Large Scale Raummodellen mit Hilfe von SLAM-Algorithmen}},
	type    = {Bachelorarbeit},
	school  = {KIT Karlsruher Institut für Technologie},
	address = {Karlsruhe, Germany},
	year    = {2014}
}

@MastersThesis{cichos13,
	author  = {Cichos, Tobias and Hermann, Andreas},
	title   = {{Greifpunktsynthese für Stoffstücke anhand von 3D-Punktwolken}},
	type    = {Studienarbeit},
	school  = {KIT Karlsruher Institut für Technologie},
	address = {Karlsruhe, Germany},
	year    = {2013}
}